%% introduction

@article{laskin2021urlb,
  title={URLB: Unsupervised reinforcement learning benchmark},
  author={Laskin, Michael and Yarats, Denis and Liu, Hao and Lee, Kimin and Zhan, Albert and Lu, Kevin and Cang, Catherine and Pinto, Lerrel and Abbeel, Pieter},
  journal={arXiv preprint arXiv:2110.15191},
  year={2021}
}

%% Related work

@incollection{salge2014empowerment,
  title={Empowerment--an introduction},
  author={Salge, Christoph and Glackin, Cornelius and Polani, Daniel},
  booktitle={Guided Self-Organization: Inception},
  pages={67--114},
  year={2014},
  publisher={Springer}
}

@article{gregor2016variational,
  title={Variational intrinsic control},
  author={Gregor, Karol and Rezende, Danilo Jimenez and Wierstra, Daan},
  journal={arXiv preprint arXiv:1611.07507},
  year={2016}
}

@inproceedings{eysenbach2018diversity,
  title={Diversity is All You Need: Learning Skills without a Reward Function},
  author={Eysenbach, Benjamin and Gupta, Abhishek and Ibarz, Julian and Levine, Sergey},
  booktitle={International Conference on Learning Representations},
  year={2018}
}

% arxiv?
@article{zhang2021hierarchical,
  title={Hierarchical reinforcement learning by discovering intrinsic options},
  author={Zhang, Jesse and Yu, Haonan and Xu, Wei},
  journal={ICLR}, 
  year={2021}
}

% ICLR?
@article{sharma2019dynamics,
  title={Dynamics-aware unsupervised discovery of skills},
  author={Sharma, Archit and Gu, Shixiang and Levine, Sergey and Kumar, Vikash and Hausman, Karol},
  journal={arXiv preprint arXiv:1907.01657}, 
  year={2019}
}

@inproceedings{liu2021aps,
  title={Aps: Active pretraining with successor features},
  author={Liu, Hao and Abbeel, Pieter},
  booktitle={International Conference on Machine Learning},
  pages={6736--6747},
  year={2021},
  organization={PMLR}
}

@article{laskin2022cic,
  title={CIC: Contrastive Intrinsic Control for Unsupervised Skill Discovery},
  author={Laskin, Michael and Liu, Hao and Peng, Xue Bin and Yarats, Denis and Rajeswaran, Aravind and Abbeel, Pieter},
  journal={arXiv preprint arXiv:2202.00161},
  year={2022}
}

@inproceedings{choi2021variational,
  title={Variational Empowerment as Representation Learning for Goal-Conditioned Reinforcement Learning},
  author={Choi, Jongwook and Sharma, Archit and Lee, Honglak and Levine, Sergey and Gu, Shixiang Shane},
  booktitle={International Conference on Machine Learning},
  pages={1953--1963},
  year={2021},
  organization={PMLR}
}

@article{tassa2018deepmind,
  title={Deepmind control suite},
  author={Tassa, Yuval and Doron, Yotam and Muldal, Alistair and Erez, Tom and Li, Yazhe and Casas, Diego de Las and Budden, David and Abdolmaleki, Abbas and Merel, Josh and Lefrancq, Andrew and others},
  journal={arXiv preprint arXiv:1801.00690},
  year={2018}
}
